<?xml version="1.0" encoding="UTF-8"?><record xmlns="http://www.loc.gov/MARC21/slim" xmlns:cinclude="http://apache.org/cocoon/include/1.0" xmlns:zs="http://www.loc.gov/zing/srw/">
  <leader>00416nz  a2200121n  4500</leader>
  <controlfield tag="001">n  91003385 </controlfield>
  <controlfield tag="003">DLC</controlfield>
  <controlfield tag="005">19910112095007.2</controlfield>
  <controlfield tag="008">910112n| acannaab|          |n aaa |||  </controlfield>
  <datafield tag="010" ind1=" " ind2=" ">
    <subfield code="a">n  91003385 </subfield>
  </datafield>
  <datafield tag="040" ind1=" " ind2=" ">
    <subfield code="a">DLC</subfield>
    <subfield code="c">DLC</subfield>
  </datafield>
  <datafield tag="100" ind1="1" ind2="0">
    <subfield code="a">Baker, Isaac D.</subfield>
  </datafield>
  <datafield tag="670" ind1=" " ind2=" ">
    <subfield code="a">NUCMC data from Cape Cod Community College, Library-Learning Resources Center for Baker family. Collection of papers, ca. 1819-1911</subfield>
    <subfield code="b">(Isaac D. Baker; Dennis, Mass.)</subfield>
  </datafield>
</record>